@inproceedings{chen2020adversarial,
  title={Adversarial robustness: From self-supervised pre-training to fine-tuning},
  author={Chen, Tianlong and Liu, Sijia and Chang, Shiyu and Cheng, Yu and Amini, Lisa and Wang, Zhangyang},
  booktitle={Proceedings of the IEEE/CVF Conference on Computer Vision and Pattern Recognition},
  pages={699--708},
  year={2020}
}
@article{Ashish2017Attention,
  title={Attention Is All You Need},
  author={Ashish Vaswani, Noam Shazeer},
  journal={arXiv:1706.03762v5},
  year={2017}
}
@article{Jacob2019Bert,
  title={BERT: Pre-training of Deep Bidirectional Transformers for
Language Understanding},
  author={Jacob Devlini, Ming-Wei Chang},
  journal={arXiv:1810.04805v2},
  year={2019}
}
@article{Mehrdad2020ParsBERT,
  title={ParsBERT: Transformer-based Model for Persian Language Understanding},
  author={Mehrdad Farahani, Mohammad Gharachorloo},
  journal={arXiv:2005.12515v2},
  year={2020}
}
@article{Javad2020DeepSentiPers,
  title={DeepSentiPers: Novel Deep Learning Models Trained Over Proposed
Augmented Persian Sentiment Corpus},
  author={Javad PourMostafa Roshan Sharami, Mohammad Gharachorloo},
  journal={arXiv:2004.05328v1},
  year={2020}
}
@article{Pedram2021SentiPers,
  title={SentiPers: A Sentiment Analysis Corpus for Persian},
  author={Pedram Hosseini, Ali Ahmadian Ramaki},
  journal={arXiv:1801.07737v2	},
  year={2021}
}
@article{Sepp1997LSTM,
  title={Long Short-term Memory},
  author={Sepp Hochreiter},

  year={1997}
}
@online{RNN,
 
  title = {http://www.latex-tutorial.com},

  url = {http://www.latex-tutorial.com},
}
}
@article{RoBERTa,
  title={RoBERTa: A Robustly Optimized BERT Pretraining Approach},
  author={Yinhan Liu},

  year={2019}
}
@article{Dimensional,
  title={Dimensional Sentiment Analysis Using a Regional CNN-LSTM Model},
  author={Jin Wang},

}
@article{lecun1989handwritten,
  title={Handwritten digit recognition with a back-propagation network},
  author={LeCun, Yann and Boser, Bernhard and Denker, John and Henderson, Donnie and Howard, Richard and Hubbard, Wayne and Jackel, Lawrence},
  journal={Advances in neural information processing systems},
  volume={2},
  year={1989}
}
@article{lecun2015deep,
  title={Deep learning},
  author={LeCun, Yann and Bengio, Yoshua and Hinton, Geoffrey},
  journal={nature},
  volume={521},
  number={7553},
  pages={436--444},
  year={2015},
  publisher={Nature Publishing Group}
}
@article{medhat2014sentiment,
  title={Sentiment analysis algorithms and applications: A survey},
  author={Medhat, Walaa and Hassan, Ahmed and Korashy, Hoda},
  journal={Ain Shams engineering journal},
  volume={5},
  number={4},
  pages={1093--1113},
  year={2014},
  publisher={Elsevier}
}
@article{feldman2013techniques,
  title={Techniques and applications for sentiment analysis},
  author={Feldman, Ronen},
  journal={Communications of the ACM},
  volume={56},
  number={4},
  pages={82--89},
  year={2013},
  publisher={ACM New York, NY, USA}
}

@article{wiki1,
 title={A model of inductive bias learning Journal of Artificial Intelligence Research},
 author={ Baxter, J},
 year={2000},
 pages={149-198}
}

@article{wiki2,
  title={Is learning the n-th thing any easier than learning the first?. In Advances in Neural Information Processing Systems},
  author={Thrun, S.},
  year={1996},
  publisher={MIT Press}
}

@article{wiki3,
    title={Multi-task learning},
    author={Caruana, R.},
    year={1997}
}